<record><leader>00000cas a22000007a 4500</leader><controlfield tag="001">15192236</controlfield><controlfield tag="008">870213d18571866iluwr ne      0    0eng d</controlfield><datafield ind1=" " ind2=" " tag="010"><subfield code="a">sn 87082203 </subfield></datafield><datafield ind1=" " ind2=" " tag="040"><subfield code="a">NPV</subfield><subfield code="b">eng</subfield><subfield code="c">NPV</subfield><subfield code="d">NVF</subfield><subfield code="d">OCL</subfield><subfield code="d">CVF</subfield><subfield code="d">NVF</subfield><subfield code="d">OCLCQ</subfield></datafield><datafield ind1=" " ind2=" " tag="042"><subfield code="a">msc</subfield></datafield><datafield ind1=" " ind2=" " tag="043"><subfield code="a">n-us-il</subfield></datafield><datafield ind1="0" ind2="0" tag="245"><subfield code="a">Warren independent.</subfield></datafield><datafield ind1=" " ind2=" " tag="260"><subfield code="a">Warren, Ill. :</subfield><subfield code="b">George A. Randall,</subfield><subfield code="c">1857-1866.</subfield></datafield><datafield ind1=" " ind2=" " tag="300"><subfield code="a">v.</subfield></datafield><datafield ind1=" " ind2=" " tag="310"><subfield code="a">Weekly</subfield></datafield><datafield ind1="0" ind2=" " tag="362"><subfield code="a">Vol. 1, no. 1 (Sept. 23, 1857)-v. 9, no. 34 (July 5, 1866).</subfield></datafield><datafield ind1=" " ind2="4" tag="651"><subfield code="a">Warren (Ill.)</subfield><subfield code="v">Newspapers.</subfield></datafield><datafield ind1=" " ind2=" " tag="752"><subfield code="a">United States</subfield><subfield code="b">Illinois</subfield><subfield code="c">Jo Daviess</subfield><subfield code="d">Warren.</subfield></datafield><datafield ind1="0" ind2="0" tag="785"><subfield code="t">Warren weekly sentinel</subfield><subfield code="w">(DLC)sn 87082201</subfield><subfield code="w">(OCoLC)15193491</subfield></datafield><datafield ind1="1" ind2=" " tag="029"><subfield code="a">AU@</subfield><subfield code="b">000026147429</subfield></datafield></record>